@article{cms2022portrait,
	title={A portrait of the Higgs boson by the CMS experiment ten years after the discovery},
	journal={Nature},
	volume={607},
	number={7917},
	pages={60--68},
	year={2022},
	publisher={Nature Publishing Group UK London}
}

@article{K_nig_2015,
	title={Exclusive radiative Higgs decays as probes of light-quark Yukawa couplings},
	volume={2015},
	ISSN={1029-8479},
	url={http://dx.doi.org/10.1007/JHEP08(2015)012},
	DOI={10.1007/jhep08(2015)012},
	number={8},
	journal={Journal of High Energy Physics},
	publisher={Springer Science and Business Media LLC},
	author={König, Matthias and Neubert, Matthias},
	year={2015},
	month=aug }


@article{ATLAS_rhophigamma,
	title = {Search for exclusive Higgs and {$Z$} boson decays to {$\phi\gamma$} and {$\rho\gamma$} with the ATLAS detector},
	volume = {2018},
	ISSN = {1029-8479},
	url = {http://dx.doi.org/10.1007/JHEP07(2018)127},
	DOI = {10.1007/jhep07(2018)127},
	number = {7},
	journal = {Journal of High Energy Physics},
	publisher = {Springer Science and Business Media LLC},
	collaboration = {ATLAS},
	year = {2018},
	month = jul 
}

@article{ATLAS_rhophigamma2023,
	title = {Erratum to: Search for exclusive Higgs and {$Z$} boson decays to {$\phi\gamma$} and {$\rho\gamma$} with the ATLAS detector},
	volume = {2023},
	ISSN = {1029-8479},
	url = {http://dx.doi.org/10.1007/JHEP12(2023)158},
	DOI = {10.1007/jhep12(2023)158},
	number = {12},
	journal = {Journal of High Energy Physics},
	publisher = {Springer Science and Business Media LLC},
	collaboration = {ATLAS},
	year = {2023},
	month = dec 
}

@article{ATLAS_omegaK0stargamma,
	title = {Search for exclusive Higgs and {$Z$} boson decays to {$\omega\gamma$} and Higgs boson decays to {$K^*_0\gamma$} with the ATLAS detector},
	journal = {Physics Letters B},
	volume = {847},
	pages = {138292},
	year = {2023},
	issn = {0370-2693},
	collaboration = {ATLAS},
	doi = {https://doi.org/10.1016/j.physletb.2023.138292},
	url = {https://www.sciencedirect.com/science/article/pii/S0370269323006263},
}

@article{Aranda_2020,
	title={Revisiting the rare {$H\rightarrow q_i q_j$} decays in the standard model},
	volume={47},
	ISSN={1361-6471},
	url={http://dx.doi.org/10.1088/1361-6471/abb44d},
	DOI={10.1088/1361-6471/abb44d},
	number={12},
	journal={Journal of Physics G: Nuclear and Particle Physics},
	publisher={IOP Publishing},
	author={Aranda, J I and González-Estrada, G and Montaño, J and Ramírez-Zavaleta, F and Tututi, E S},
	year={2020},
	month=oct, pages={125001}
}

@article{Kagan_2015,
	title={Exclusive Window onto Higgs Yukawa Couplings},
	volume={114},
	ISSN={1079-7114},
	url={http://dx.doi.org/10.1103/PhysRevLett.114.101802},
	DOI={10.1103/physrevlett.114.101802},
	number={10},
	journal={Physical Review Letters},
	publisher={American Physical Society (APS)},
	author={Kagan, Alexander L. and Perez, Gilad and Petriello, Frank and Soreq, Yotam and Stoynev, Stoyan and Zupan, Jure},
	year={2015},
	month=mar
}

@article{Grossman_2015,
	title={Exclusive radiative decays of W and Z bosons in QCD factorization},
	volume={2015},
	ISSN={1029-8479},
	url={http://dx.doi.org/10.1007/JHEP04(2015)101},
	DOI={10.1007/jhep04(2015)101},
	number={4},
	journal={Journal of High Energy Physics},
	publisher={Springer Science and Business Media LLC},
	author={Grossman, Yuval and König, Matthias and Neubert, Matthias},
	year={2015},
	month=apr
}

@article{Han_2022,
	title={Higgs boson decay to charmonia via c-quark fragmentation},
	volume={2022},
	ISSN={1029-8479},
	url={http://dx.doi.org/10.1007/JHEP08(2022)073},
	DOI={10.1007/jhep08(2022)073},
	number={8},
	journal={Journal of High Energy Physics},
	publisher={Springer Science and Business Media LLC},
	author={Han, Tao and Leibovich, Adam K. and Ma, Yang and Tan, Xiao-Ze},
	year={2022},
	month=aug
}

@article{CMS_H_ccbar,
	title = {Search for Higgs Boson Decay to a Charm Quark-Antiquark Pair in Proton-Proton Collisions at $\sqrt{s}=13\text{ }\text{ }\mathrm{TeV}$},
	collaboration = {CMS Collaboration},
	journal = {Phys. Rev. Lett.},
	volume = {131},
	issue = {6},
	pages = {061801},
	numpages = {21},
	year = {2023},
	month = {Aug},
	publisher = {American Physical Society},
	doi = {10.1103/PhysRevLett.131.061801},
	url = {https://link.aps.org/doi/10.1103/PhysRevLett.131.061801}
}

@article{ATLAS_H_ccbar,
	title = {Direct constraint on the Higgs–charm coupling from a search for Higgs boson decays into charm quarks with the ATLAS detector},
	collaboration = {ATLAS Collaboration},
	journal = {Eur. Phys. J. C},
	volume = {82},
	issue = {717},
	year = {2022},
	month = {Aug},
	doi = {https://doi.org/10.1140/epjc/s10052-022-10588-3},
	url = {https://link.springer.com/article/10.1140/epjc/s10052-022-10588-3}
}

@article{ATLAS_HZ_Jpsigamma,
	title = {Searches for exclusive Higgs and Z boson decays into a vector quarkonium state and a photon using $139\text{}\text{}\mathrm{fb^{-1}}$ of ATLAS $\sqrt{s}=13\text{ }\text{ }\mathrm{TeV}$ proton=proton collision data},
	collaboration = {ATLAS Collaboration},
	journal = {Eur. Phys. J. C},
	volume = {83},
	issue = {781},
	year = {2023},
	month = {Sep},
	doi = {https://doi.org/10.1140/epjc/s10052-023-11869-1},
	url = {https://link.springer.com/article/10.1140/epjc/s10052-023-11869-1}
}

@article{Brambilla_2019,
	title={Order $v^4$
	corrections to Higgs boson decay into $J/\psi + \gamma$},
	volume={100},
	ISSN={2470-0029},
	url={http://dx.doi.org/10.1103/PhysRevD.100.054038},
	DOI={10.1103/physrevd.100.054038},
	number={5},
	journal={Physical Review D},
	publisher={American Physical Society (APS)},
	author={Brambilla, Nora and Chung, Hee Sok and Lai, Wai Kin and Shtabovenko, Vladyslav and Vairo, Antonio},
	year={2019},
	month=sep
}

@techreport{Vaselli:2858890,
	author        = "Vaselli, Francesco and Rizzi, Andrea and Cattafesta,
	Filippo and Cicconofri, Gloria",
	collaboration = "CMS",
	title         = "{FlashSim prototype: an end-to-end fast simulation
	using Normalizing Flow}",
	institution   = "CERN",
	reportNumber  = "CERN-CMS-NOTE-2023-003",
	address       = "Geneva",
	year          = "2023",
	url           = "https://cds.cern.ch/record/2858890",
}